<record xmlns='http://www.loc.gov/MARC21/slim'><leader>02978ctm a2200505Ii 4500</leader><controlfield tag='001'>991025329149706011</controlfield><controlfield tag='005'>20220509125915.0</controlfield><controlfield tag='008'>181207q16091612fr            000 0 fre d</controlfield><datafield ind1=' ' ind2=' ' tag='035'><subfield code='a'>(IXA)b95743856-01utau_insth</subfield></datafield><datafield ind1=' ' ind2=' ' tag='035'><subfield code='a'>(OCoLC)1078436584h</subfield></datafield><datafield ind1=' ' ind2=' ' tag='040'><subfield code='a'>HRH</subfield><subfield code='b'>eng</subfield><subfield code='e'>dcrmmss</subfield><subfield code='e'>rda</subfield><subfield code='c'>HRH</subfield><subfield code='d'>OCLCF</subfield><subfield code='d'>HRH</subfield></datafield><datafield ind1=' ' ind2=' ' tag='049'><subfield code='a'>HRHH</subfield></datafield><datafield ind1=' ' ind2='9' tag='099'><subfield code='a'>MS 3327, Container 230</subfield></datafield><datafield ind1='1' ind2=' ' tag='100'><subfield code='a'>Filesac, Jean,</subfield><subfield code='d'>1556-1638,</subfield><subfield code='e'>author.</subfield></datafield><datafield ind1='1' ind2='0' tag='245'><subfield code='a'>Du loup garou :</subfield><subfield code='k'>manuscript.</subfield></datafield><datafield ind1=' ' ind2='0' tag='264'><subfield code='a'>France ;</subfield><subfield code='c'>not before 1603, not after 1650</subfield></datafield><datafield ind1=' ' ind2=' ' tag='300'><subfield code='a'>1 volume (34 leaves) ;</subfield><subfield code='c'>27 cm (fol.)</subfield></datafield><datafield ind1=' ' ind2=' ' tag='336'><subfield code='a'>text</subfield><subfield code='b'>txt</subfield><subfield code='2'>rdacontent</subfield></datafield><datafield ind1=' ' ind2=' ' tag='337'><subfield code='a'>unmediated</subfield><subfield code='b'>n</subfield><subfield code='2'>rdamedia</subfield></datafield><datafield ind1=' ' ind2=' ' tag='338'><subfield code='a'>volume</subfield><subfield code='b'>nc</subfield><subfield code='2'>rdacarrier</subfield></datafield><datafield ind1=' ' ind2=' ' tag='500'><subfield code='a'>Title from caption.</subfield></datafield><datafield ind1=' ' ind2=' ' tag='500'><subfield code='a'>Place of production conjectured from where trial of Jean Grenier took place and date of production based on when the trial took place and an evaluation of the handwriting and paper.</subfield></datafield><datafield ind1=' ' ind2=' ' tag='500'><subfield code='a'>In early hand. Manuscript corrections in different hand throughout; leaf 31 is blank and precedes another leaf of manuscript in a different hand (possibly same hand as corrections). Leaf 1 is labelled &apos;quarante neuf&apos;, the last leaf is labelled &apos;cinquante&apos;. Binding: modern binding; cover title: &apos;Sobre la licantropía&apos;. Some leaves have been repaired, affecting text.</subfield></datafield><datafield ind1=' ' ind2=' ' tag='520'><subfield code='a'>Text represented by the manuscript is included as part of Tableau de l&apos;inconstance des mauvais anges et démons by Pierre de Lancre, Book 4, Discourse 3. an early 18th-century version of this text, with some differences, appears in Bibliothèque nationale de France manuscript, MS Français 13346, fols. 291v-323r. The last leaf is a remonstrance against Viscount D&apos;Aubeterre.</subfield></datafield><datafield ind1=' ' ind2=' ' tag='590'><subfield code='a'>A digital surrogate of Ransom Center copy HRC-MS Medieval and Early Modern MS 230 is available through the Digital Collections portal (https://hrc.contentdm.oclc.org).</subfield></datafield><datafield ind1=' ' ind2='0' tag='650'><subfield code='a'>Trials (Witchcraft)</subfield><subfield code='v'>Early works to 1800.</subfield></datafield><datafield ind1=' ' ind2='0' tag='650'><subfield code='a'>Witchcraft</subfield><subfield code='v'>Early works to 1800.</subfield></datafield><datafield ind1=' ' ind2='0' tag='650'><subfield code='a'>Werewolves</subfield><subfield code='v'>Early works to 1800.</subfield></datafield><datafield ind1=' ' ind2='7' tag='655'><subfield code='a'>Manuscripts (documents)</subfield><subfield code='2'>aat</subfield></datafield><datafield ind1=' ' ind2='7' tag='650'><subfield code='a'>Werewolves.</subfield><subfield code='2'>fast</subfield><subfield code='0'>(OCoLC)fst01173872</subfield></datafield><datafield ind1=' ' ind2='7' tag='650'><subfield code='a'>Witchcraft.</subfield><subfield code='2'>fast</subfield><subfield code='0'>(OCoLC)fst01176327</subfield></datafield><datafield ind1=' ' ind2='7' tag='655'><subfield code='a'>Trials.</subfield><subfield code='2'>aat</subfield></datafield><datafield ind1=' ' ind2='7' tag='655'><subfield code='a'>Early works.</subfield><subfield code='2'>fast</subfield><subfield code='0'>(OCoLC)fst01411636</subfield></datafield><datafield ind1='1' ind2=' ' tag='700'><subfield code='i'>Derivative (work) :</subfield><subfield code='a'>Lancre, Pierre de.</subfield><subfield code='t'>Tableau de l&apos;inconstance des mauvais anges et démons.</subfield></datafield><datafield ind1='2' ind2=' ' tag='791'><subfield code='a'>Medieval and Early Modern Manuscripts Collection.</subfield></datafield><datafield ind1='4' ind2='0' tag='856'><subfield code='u'>https://hrc.contentdm.oclc.org/digital/collection/p15878coll111/id/80/rec/1</subfield></datafield><datafield ind1=' ' ind2=' ' tag='907'><subfield code='a'>.b95743856</subfield><subfield code='b'>09-30-19</subfield><subfield code='c'>12-07-18</subfield></datafield><datafield ind1=' ' ind2=' ' tag='915'><subfield code='a'>1078436584H</subfield></datafield><datafield ind1=' ' ind2=' ' tag='942'><subfield code='a'>17-12-007-P</subfield><subfield code='b'>MS 3327, Container 230</subfield></datafield><datafield ind1=' ' ind2=' ' tag='942'><subfield code='a'>LTI processing</subfield></datafield><datafield ind1=' ' ind2=' ' tag='945'><subfield code='a'>blw</subfield></datafield><datafield ind1=' ' ind2=' ' tag='945'><subfield code='a'>HRC-MS Medieval and Early Modern MS 230</subfield><subfield code='e'>-  -</subfield><subfield code='g'>1</subfield><subfield code='j'>0</subfield><subfield code='l'>hrcbk</subfield><subfield code='o'>-</subfield><subfield code='p'>$0.00</subfield><subfield code='q'>y</subfield><subfield code='r'>-</subfield><subfield code='s'>o</subfield><subfield code='t'>10</subfield><subfield code='u'>0</subfield><subfield code='v'>0</subfield><subfield code='w'>0</subfield><subfield code='x'>0</subfield><subfield code='y'>.i191841274</subfield><subfield code='z'>12-07-18</subfield></datafield><datafield ind1='2' ind2=' ' tag='979'><subfield code='a'>Medieval and Early Modern Manuscripts Collection.</subfield></datafield><datafield ind1=' ' ind2=' ' tag='994'><subfield code='a'>C0</subfield><subfield code='b'>HRH</subfield></datafield><datafield ind1=' ' ind2=' ' tag='998'><subfield code='a'>hrcbk</subfield><subfield code='b'>12-07-18</subfield><subfield code='c'>m</subfield><subfield code='d'>t</subfield><subfield code='e'>-</subfield><subfield code='f'>fre</subfield><subfield code='g'>fr</subfield><subfield code='h'>0</subfield><subfield code='i'>1</subfield></datafield></record>
